
@inproceedings{fastMRI,title={{fastMRI}: An Open Dataset and Benchmarks for Accelerated {MRI}},
author={Jure Zbontar and Florian Knoll and Anuroop Sriram and Matthew J. Muckley and Mary Bruno and Aaron Defazio and Marc Parente and Krzysztof J. Geras and Joe Katsnelson and Hersh Chandarana and Zizhao Zhang and Michal Drozdzal and Adriana Romero and Michael Rabbat and Pascal Vincent and James Pinkerton and Duo Wang and Nafissa Yakubova and Erich Owens and C. Lawrence Zitnick and Michael P. Recht and Daniel K. Sodickson and Yvonne W. Lui},
journal = {ArXiv e-prints},
archivePrefix = "arXiv",
eprint = {1811.08839},
year={2018}
}

@InProceedings{Zhang_2019_CVPR,
    author = {Zhang, Zizhao and Romero, Adriana and Muckley, Matthew J. and Vincent, Pascal and Yang, Lin and Drozdzal, Michal},
    title = {Reducing Uncertainty in Undersampled MRI Reconstruction With Active Acquisition},
    booktitle = {Proceedings of the IEEE/CVF Conference on Computer Vision and Pattern Recognition (CVPR)},
    month = {June},
    year = {2019}
}


